<record><leader>00000cas a22000007a 4500</leader><controlfield tag="001">12560301</controlfield><controlfield tag="008">850916d17871788nyuwr ne      0    0eng d</controlfield><datafield ind1=" " ind2=" " tag="010"><subfield code="a">sn 85026774 </subfield></datafield><datafield ind1=" " ind2=" " tag="040"><subfield code="a">NPX</subfield><subfield code="b">eng</subfield><subfield code="c">NPX</subfield><subfield code="d">NYS</subfield><subfield code="d">NYG</subfield><subfield code="d">NYS</subfield><subfield code="d">OCLCQ</subfield><subfield code="d">OCLCG</subfield><subfield code="d">OCLCQ</subfield></datafield><datafield ind1=" " ind2=" " tag="042"><subfield code="a">msc</subfield></datafield><datafield ind1="0" ind2="4" tag="245"><subfield code="a">The Northern centinel, and Lansingburgh advertiser.</subfield></datafield><datafield ind1="1" ind2="3" tag="246"><subfield code="a">Northern sentinel, and Lansingburgh advertiser</subfield></datafield><datafield ind1="1" ind2="3" tag="246"><subfield code="a">Northern centinel</subfield></datafield><datafield ind1=" " ind2=" " tag="260"><subfield code="a">Lansingburgh [N.Y.] :</subfield><subfield code="b">Printed by Claxton &amp; Babcock,</subfield><subfield code="c">1787-</subfield></datafield><datafield ind1=" " ind2=" " tag="300"><subfield code="a">v.</subfield></datafield><datafield ind1=" " ind2=" " tag="310"><subfield code="a">Weekly</subfield></datafield><datafield ind1="0" ind2=" " tag="362"><subfield code="a">Vol. 1, no. 22 (Oct. 15, 1787)-</subfield></datafield><datafield ind1="1" ind2=" " tag="362"><subfield code="a">Ceased in Jan. 1788.</subfield><subfield code="z">Cf. Brigham, C.S. Amer. newspapers.</subfield></datafield><datafield ind1=" " ind2=" " tag="500"><subfield code="a">References: Evans 20597; Brigham, C.S. Amer. newspapers, p. 600.</subfield></datafield><datafield ind1=" " ind2=" " tag="500"><subfield code="a">Lansingburgh became a part of the city of Troy on Jan. 1, 1900.</subfield></datafield><datafield ind1="1" ind2=" " tag="700"><subfield code="a">Claxton, Thomas.</subfield></datafield><datafield ind1="1" ind2=" " tag="700"><subfield code="a">Babcock, John,</subfield><subfield code="d">1764-1843.</subfield></datafield><datafield ind1=" " ind2=" " tag="752"><subfield code="a">United States</subfield><subfield code="b">New York</subfield><subfield code="c">Rensselaer</subfield><subfield code="d">Troy.</subfield></datafield><datafield ind1=" " ind2=" " tag="752"><subfield code="a">United States</subfield><subfield code="b">New York</subfield><subfield code="c">Rensselaer</subfield><subfield code="d">Lansingburgh.</subfield></datafield><datafield ind1="0" ind2="0" tag="780"><subfield code="t">Northern centinel, and Lansinghborough advertiser</subfield><subfield code="w">(DLC)sn 83032010</subfield></datafield><datafield ind1="0" ind2="0" tag="785"><subfield code="t">Federal herald</subfield><subfield code="w">(DLC)sn 83030821</subfield></datafield><datafield ind1="1" ind2=" " tag="029"><subfield code="a">AU@</subfield><subfield code="b">000023525904</subfield></datafield></record>